@article{kcvSmoteStudy,
 author = {Kang, Haiyan and Zhang, Hao},
 title = {A New Improved Method for Online Credit Anti-Fraud},
 journal = {Automatic Control and Computer Sciences},
 year = {2022},
 volume = {56},
 pages = {347–355},
 url = {https://doi-org.libaccess.lib.mcmaster.ca/10.3103/S0146411622040046},
 doi = {10.3103/S0146411622040046},
 publisher = {Springer}
}

@article{litReviewSulaiman,
  author = {Sulaiman, Rejwan Bin and Schetinin, Vitaly and Sant, Paul},
  title = {Review of Machine Learning Approach on Credit Card Fraud Detection},
  journal = {Human Centric Intelligent Systems},
  year = {2022},
  volume = {2},
  pages = {55-68},
  url = {https://doi-org.libaccess.lib.mcmaster.ca/10.1007/s44230-022-00004-0},
  doi = {10.1007/s44230-022-00004-0},
  publisher = {Springer}
}

@article{litReviewItoo,
 author = {Itoo, Fayaz and Meenakshi and Singh, Satwinder},
 title = {Comparison and analysis of logistic regression, Naïve Bayes and KNN machine learning algorithms for credit card fraud detection},
 journal = {International Journal of Information Technology},
 year = {2021},
 volume = {13},
 pages = {1503–1511},
 url = {https://doi-org.libaccess.lib.mcmaster.ca/10.1007/s41870-020-00430-y},
 doi = {10.1007/s41870-020-00430-y},
 publisher = {Springer}
}

@misc{creditData,
  url = {https://www.kaggle.com/datasets/mlg-ulb/creditcardfraud},
  title = {Credit Card Fraud Detection},
  author = {{Worldline} and {Machine Learning Group - ULB}},
  year = {2017}
}

@book{fraudDetectionHandbook,
  title = {Reproducible Machine Learning for Credit Card Fraud Detection - Practical Handbook},
  author = {Le Borgne, Yann-A{\"e}l and Siblini, Wissam and Lebichot, Bertrand and Bontempi, Gianluca},
  url = {https://github.com/Fraud-Detection-Handbook/fraud-detection-handbook},
  year = {2022},
  publisher = {Universit{\'e} Libre de Bruxelles}
}


