@Manual{citeR,
    title = {R: A Language and Environment for Statistical Computing},
    author = {{R Core Team}},
    organization = {R Foundation for Statistical Computing},
    address = {Vienna, Austria},
    year = {2023},
    url = {https://www.R-project.org/}
  }

@misc{creditData,
  url = {https://www.kaggle.com/datasets/andrewmvd/heart-failure-clinical-data/data},
  title = {Credit Card Fraud Detection},
  author = {{Machine Learning Group - ULB}},
  year = {2017}
}

@article{kcvSmoteStudy,
 author = {Kang, Haiyan and Zhang, Hao},
 title = {A New Improved Method for Online Credit Anti-Fraud},
 journal = {Automatic Control and Computer Sciences},
 year = {2022},
 volume = {56},
 pages = {347â€“355},
 url = {https://doi-org.libaccess.lib.mcmaster.ca/10.3103/S0146411622040046},
 doi = {10.3103/S0146411622040046},
 publisher = {Springer}
}

